<record xmlns="http://www.loc.gov/MARC21/slim" xmlns:xsi="http://www.w3.org/2001/XMLSchema-instance" xsi:schemaLocation="http://www.loc.gov/MARC21/slim http://www.loc.gov/standards/marcxml/schema/MARC21slim.xsd"><leader>     nam a22        4500</leader><controlfield tag="001">3178521</controlfield><controlfield tag="003">NNC</controlfield><controlfield tag="006">m        d        </controlfield><controlfield tag="007">cr cn |||m|||a</controlfield><controlfield tag="008">150316s1847    ua      o     000 0 ara d</controlfield><datafield ind1=" " ind2=" " tag="040"><subfield code="a">NNU</subfield><subfield code="b">eng</subfield><subfield code="e">rda</subfield><subfield code="c">NNU</subfield></datafield><datafield ind1="0" ind2=" " tag="100"><subfield code="6">880-01</subfield><subfield code="a">Sa&#699;di&#772;. </subfield></datafield><datafield ind1="1" ind2="0" tag="245"><subfield code="6">880-02</subfield><subfield code="a">Tarjamat al-Julista&#772;n al-Fa&#772;risi&#772; al-&#699;iba&#772;rah.</subfield></datafield><datafield ind1=" " ind2=" " tag="260"><subfield code="6">880-03</subfield><subfield code="a">Bu&#772;la&#772;q :</subfield><subfield code="b">Mat&#803;ba&#699;at Bu&#772;la&#772;q,</subfield><subfield code="c">1263 [1847]</subfield></datafield><datafield ind1=" " ind2=" " tag="300"><subfield code="a">online resource (182 pages)</subfield></datafield><datafield ind1=" " ind2=" " tag="336"><subfield code="a">text</subfield><subfield code="2">rdacontent</subfield></datafield><datafield ind1=" " ind2=" " tag="337"><subfield code="a">computer</subfield><subfield code="2">rdamedia</subfield></datafield><datafield ind1=" " ind2=" " tag="338"><subfield code="a">online resource</subfield><subfield code="2">rdacarrier</subfield></datafield><datafield ind1=" " ind2=" " tag="500"><subfield code="a">Part of the Arabic Collections Online (ACO) project, contributed by Columbia University Libraries.</subfield></datafield><datafield ind1=" " ind2=" " tag="533"><subfield code="a">Electronic reproduction.</subfield><subfield code="b">New York, N.Y. :</subfield><subfield code="c">New York University,</subfield><subfield code="d">2015.</subfield><subfield code="5">NNU</subfield></datafield><datafield ind1="1" ind2=" " tag="700"><subfield code="6">880-04</subfield><subfield code="a">Makhla&#699;, Jibra&#772;&#700;i&#772;l Yu&#772;suf.</subfield></datafield><datafield ind1="0" ind2=" " tag="700"><subfield code="6">880-05</subfield><subfield code="a">Shiha&#772;b al-Di&#772;n Muh&#803;ammad ibn Isma&#772;&#699;i&#772;l,</subfield><subfield code="d">1795 or 1796-1857 or 1858.</subfield></datafield><datafield ind1="2" ind2=" " tag="710"><subfield code="a">Columbia University.</subfield><subfield code="b">Libraries.</subfield></datafield><datafield ind1="0" ind2=" " tag="730"><subfield code="a">Arabic Collections Online.</subfield></datafield><datafield ind1="0" ind2="8" tag="776"><subfield code="i">Online version:</subfield><subfield code="a">Sa&#699;di&#772;.</subfield><subfield code="t">Tarjamat al-Julista&#772;n al-Fa&#772;risi&#772; al-&#699;iba&#772;rah.</subfield><subfield code="d">Bu&#772;la&#772;q : Mat&#803;ba&#699;at Bu&#772;la&#772;q, 1263 [1847]</subfield><subfield code="w">(OCoLC)656628276</subfield></datafield><datafield ind1="0" ind2="8" tag="776"><subfield code="i">Print version:</subfield><subfield code="a">Sa&#699;di&#772;.</subfield><subfield code="t">Tarjamat al-Julista&#772;n al-Fa&#772;risi&#772; al-&#699;iba&#772;rah</subfield><subfield code="w">(NNC)3178521</subfield><subfield code="w">(OCoLC)33856862</subfield></datafield><datafield ind1="4" ind2="0" tag="856"><subfield code="u">http://hdl.handle.net/2333.1/dz08ks3v</subfield></datafield><datafield ind1="0" ind2=" " tag="880"><subfield code="6">100-01/r</subfield><subfield code="a">&#1587;&#1593;&#1583;&#1610;. </subfield></datafield><datafield ind1="1" ind2="0" tag="880"><subfield code="6">245-02/r</subfield><subfield code="a">&#1578;&#1585;&#1580;&#1605;&#1577; &#1575;&#1604;&#1580;&#1604;&#1578;&#1575;&#1606; &#1575;&#1604;&#1601;&#1575;&#1585;&#1587;&#1610; &#1575;&#1604;&#1593;&#1576;&#1575;&#1585;&#1577;.</subfield></datafield><datafield ind1=" " ind2=" " tag="880"><subfield code="6">260-03/r</subfield><subfield code="a">&#1576;&#1608;&#1604;&#1575;&#1602; :</subfield><subfield code="b">&#1605;&#1591;&#1576;&#1593;&#1577; &#1576;&#1608;&#1604;&#1575;&#1602;&#1548;</subfield><subfield code="c">1263 [1847]</subfield></datafield><datafield ind1="1" ind2=" " tag="880"><subfield code="6">700-04/r</subfield><subfield code="a">&#1605;&#1582;&#1604;&#1593;&#1548; &#1580;&#1576;&#1585;&#1575;&#1574;&#1610;&#1604; &#1610;&#1608;&#1587;&#1601;.</subfield></datafield><datafield ind1="0" ind2=" " tag="880"><subfield code="6">700-05/r</subfield><subfield code="a">&#1588;&#1607;&#1575;&#1576; &#1575;&#1604;&#1583;&#1610;&#1606; &#1605;&#1581;&#1605;&#1583; &#1576;&#1606; &#1575;&#1587;&#1605;&#1575;&#1593;&#1610;&#1604;&#1548; </subfield><subfield code="d">1795 or 1796-1857 or 1858.</subfield></datafield><datafield ind1=" " ind2=" " tag="959"><subfield code="a">NNU</subfield><subfield code="b">WEB</subfield><subfield code="c">GENI</subfield><subfield code="t">0</subfield><subfield code="m">Electronic access</subfield><subfield code="s">01</subfield></datafield><datafield ind1=" " ind2=" " tag="999"><subfield code="i">NNC_3178521</subfield><subfield code="o">(OCoLC)ocm33856862</subfield><subfield code="e">(ERROR-880)</subfield><subfield code="s">columbia_aco000365</subfield></datafield></record>